MicroLIF: x0a    line end                                                       
LDR00180nam  22     2  4500^
008891207s19xx    xxu           00010 eng d^
040  _cIMchF^
245 0_aAll about whales.^
260  _bHoliday,_c1987.^
300  _a[ ] p.^
900  _aALL^
952  _a20571_cR_dALL^`
